@BOOK{Werling2010,
	AUTHOR = {Werling, M.},
	YEAR = {2010},
	TITLE = {Ein neues Konzept f{\"u}r die Trajektoriengenerierung und -stabilisierung in zeitkritischen Verkehrsszenarien},
	EDITION = {},
	ISBN = {978-3-866-44631-1},
	PUBLISHER = {KIT Scientific Publishing},
	ADDRESS = {Karlsruhe},
}

@BOOK{Siegwart2004,
	AUTHOR = {Siegwart, R. AND Nourbakhsh, I. R.},
	YEAR = {2004},
	TITLE = {Introduction to Autonomous Mobile Robots},
	EDITION = {New.},
	ISBN = {978-0-262-19502-7},
	PUBLISHER = {MIT Press},
	ADDRESS = {Cambridge},
}

@BOOK{Mitschke1990,
	AUTHOR = {Mitschke, M.},
	YEAR = {1990},
	TITLE = {Dynamik der Kraftfahrzeuge. C. Fahrverhalten},
	EDITION = {},
	ISBN = {978-0-387-15476-3},
	PUBLISHER = {Springer},
	ADDRESS = {Berlin, Heidelberg},
}

@BOOK{Mitschke1995,
	AUTHOR = {Mitschke, M.},
	YEAR = {1995},
	TITLE = {Dynamik der Kraftfahrzeuge. A. Antrieb und Bremsung},
	EDITION = {},
	ISBN = {978-3-540-56164-1},
	PUBLISHER = {Springer},
	ADDRESS = {Berlin, Heidelberg},
}

@BOOK{Reif2010,
	AUTHOR = {Reif, K.},
	YEAR = {2010},
	TITLE = {Bremsen und Bremsregelsysteme},
	EDITION = {},
	ISBN = {978-3-834-89714-5},
	PUBLISHER = {Springer DE},
	ADDRESS = {Berlin},
}

@BOOK{Kunze2002,
	AUTHOR = {Kunze, G. AND G{\"o}hring, H. AND Jacob, K.},
	YEAR = {2002},
	TITLE = {Baumaschinen - Erdbau- Und Tagebaumaschinen},
	EDITION = {1. Aufl.},
	ISBN = {978-3-528-06628-4},
	PUBLISHER = {Vieweg +Teubner},
	ADDRESS = {Wiesbaden},
}

@Article{Campion1996,
	author = "G. Campion AND G. Bastin AND B. D' Andréa-Novel",
	title = "Structural Properties and Classification of Kinematic and Dynamic Models of Wheeled Mobile Robots",
	journal = "IEEE Transactions on Robotics and Automation",
	year = "1996",
	volume = "12",
	pages = "47--62"
}

@BOOK{Ulbrich2012,
	AUTHOR = {Ulbrich, M. AND Ulbrich, S.},
	YEAR = {2012},
	TITLE = {Nichtlineare Optimierung - },
	EDITION = {2012. Aufl.},
	ISBN = {978-3-034-60142-9},
	PUBLISHER = {Springer Basel},
	ADDRESS = {Basel},
}

@BOOK{Bock2013,
	AUTHOR = {Bock, H. G. AND Carraro, T. AND J{\"a}ger, W. AND K{\"o}rkel, S. AND Rannacher, R. AND Schl{\"o}der, J. P.},
	YEAR = {2013},
	TITLE = {Model Based Parameter Estimation - Theory and Applications},
	ISBN = {978-3-642-30367-8},
	PUBLISHER = {Springer},
	ADDRESS = {Berlin, Heidelberg},
}

@mastersthesis{Schroeder2013,
	AUTHOR = {Schr{\"o}der, A.},
	YEAR = {2013},
	MONTH = {M{\"a}rz},
	TITLE = {L{\"a}ngsregelung eines autonom fahrenden Fahrzeugs im niedgigen Geschwindigkeitsbereich},
	SCHOOL = {Otto-von-Guericke-Universit{\"a}t Magdeburg},
	TYPE = {Diplomarbeit},
}

@misc{Biermann2012,
	author = "K. Biermann",
	title = "Kalifornien l{\"a}sst autonome Autos auf die Straße",
	journal = "ZEIT ONLINE",
	year = "2012",
	month = "September",
	note = "\url{http://www.zeit.de/digital/mobil/2012-09/google-autonome-autos} (Stand 22.11.2013)",
}

@misc{carolo2014,
	title = "Carolo-Cup Regelwerk 2014",
	organization = "Institut f{\"u}r Regelungstechnik, Technische Universit{\"a}t Carolo-Wilhelmina zu Braunschweig",
	note = "\url{https://wiki.ifr.ing.tu-bs.de/carolocup/wettbewerb/2014/regelwerk} (Stand: 09.06.2013)"
}

@misc{Daimler2013,
	organization = "Daimler Communications",
	title = "Mercedes-Benz {\&} smart Media Night am Vorabend der IAA. Presseinformation",
	year = "2013",
	month = "September",
	ADDRESS = {70546 Stuttgart Germany},
	note = "\url{http://www.daimler.com/Projects/c2c/channel/documents/2370749_PM_MB___smart_Media_Night_IAA2013_de.pdf} (Stand 22.11.2013)",
}

@misc{destatis2013,
	title = "Verkehr - Verkehrsunfälle 2012",
	year = "2013",
	organization = "Statistisches Bundesamt",
	address = "Wiesbaden",
	page = "248",
	series = "8",
	volume ="7",	
}


@misc{vorlesung,
  author = "Prof. S. Sager",
	title = "Optimierung für die Modellierung - Skript",
	note = "Institute of Mathematical Optimization, Algorithmic Optimization, Otto-von-Guericke-Universität Magdeburg",
}